%%%西川修論のbibファイルを参考にすべし
%%%学術論文、書籍、web情報等で、それぞれに書き方がある



%%%%%%%%%%%%%%%%%%%%%%%%%%%%%%%%%%%%%%%
%学術論文等
%%%%%%%%%%%%%%%%%%%%%%%%%%%%%%%%%%%%%%
@article {
hirakoba,
author = {平木場風太 and 片山徹郎},
title = "{VDM}++仕様を対象としたテストケース自動生成ツール{BWDM}へのドメイン分析テストの適用",
journal = "ソフトウェアエンジニアリングシンポジウム 2019 論文集",
pages = {126-134},
year = "2019"
}

%%%%%%%%%%%%%%%%%%%%%%%%%%%%%%%%%%%%%%%
%書籍
%%%%%%%%%%%%%%%%%%%%%%%%%%%%%%%%%%%%%%
@book{
    sqbok,
    author = "SQuBOK策定部会",
    title = "ソフトウェア品質知識体系ガイド -- SQuBOK Guide --",
    publisher = "オーム社",
    year = "2007"
}

%%%%%%%%%%%%%%%%%%%%%%%%%%%%%%%%%%%%%%%
%Web
%%%%%%%%%%%%%%%%%%%%%%%%%%%%%%%%%%%%%%

@misc{
    vdmj,
    author =	"nickbattle",
    title = "{VDMJ}",
    howpublished = {\url{https://github.com/nickbattle/vdmj}},
    note = {Accessed: 2020-1-18}
}
